@inproceedings{giraud2004dfa,
  title={Dfa on aes},
  author={Giraud, Christophe},
  booktitle={International Conference on Advanced Encryption Standard},
  pages={27--41},
  year={2004},
  organization={Springer}
}


@inproceedings{tunstall2011differential,
	title={Differential fault analysis of the advanced encryption standard using a single fault},
	author={Tunstall, Michael and Mukhopadhyay, Debdeep and Ali, Subidh},
	booktitle={IFIP international workshop on information security theory and practices},
	pages={224--233},
	year={2011},
	organization={Springer}
}
